@article{sarkka2013bayesian,
  title={Bayesian filtering and smoothing},
  author={S{\"a}rkk{\"a}, Simo},
  year={2013},
  journal={Cambridge University Press}
}

@article{chen2015bayesian,
  title={A {B}ayesian particle filtering method for brain source localisation},
  author={Chen, Xi and S{\"a}rkk{\"a}, Simo and Godsill, Simon},
  journal={Digital Signal Processing},
  volume={47},
  pages={192--204},
  year={2015},
  publisher={Elsevier}
}

@article{sorrentino2009dynamical,
  title={Dynamical {MEG} source modeling with multi-target {B}ayesian filtering},
  author={Sorrentino, Alberto and Parkkonen, Lauri and Pascarella, Annalisa and Campi, Cristina and Piana, Michele},
  journal={Human brain mapping},
  volume={30},
  number={6},
  pages={1911--1921},
  year={2009},
  publisher={Wiley Online Library}
}